
@online{NaoTech,
	author = {Aldebaran},
	title = {Aldebaran Nao documentation website},
	year = 1999,
	url = {http://doc.aldebaran.com/2-1/family/robots/index_robots.html},
}
